<?xml version="1.0" encoding="UTF-8"?><collection xmlns="http://www.loc.gov/MARC21/slim"><record><leader>00526nam--2200193-i-4500</leader><controlfield tag="001">000010054</controlfield><controlfield tag="002">20161230</controlfield><controlfield tag="005">20161230201028</controlfield><controlfield tag="008">060222s1000------------r-----000-0-eng-d</controlfield><datafield ind1=" " ind2=" " tag="040"><subfield code="a">IFIN-HH</subfield></datafield><datafield ind1=" " ind2=" " tag="080"><subfield code="a">53</subfield></datafield><datafield ind1="1" ind2=" " tag="100"><subfield code="a">Leaver,K.D</subfield></datafield><datafield ind1="1" ind2="0" tag="245"><subfield code="a">The wykeham science series. vol. 17. thin films</subfield><subfield code="c">K.d. leaver, b.n. chapman</subfield></datafield><datafield ind1=" " ind2=" " tag="260"><subfield code="a">London</subfield><subfield code="b">Wykeham Publishing, Ltd</subfield><subfield code="c">1971</subfield></datafield><datafield ind1=" " ind2=" " tag="300"><subfield code="a">VII + 112P</subfield></datafield><datafield ind1=" " ind2=" " tag="490"><subfield code="a">The Wykeham Science Series</subfield></datafield><datafield ind1="1" ind2=" " tag="700"><subfield code="a">Chapman,B.N</subfield></datafield><datafield ind1=" " ind2=" " tag="852"><subfield code="a">32608</subfield><subfield code="c">53</subfield></datafield><datafield ind1=" " ind2=" " tag="CAT"><subfield code="a">Sys</subfield><subfield code="c">20150223</subfield><subfield code="h">121849</subfield></datafield></record></collection>